@article{snyder2019mapping,
  title={Mapping the Human Body at Cellular Resolution--The NIH Common Fund Human BioMolecular Atlas Program},
  author={Snyder, Michael P and Lin, Shin and Posgai, Amanda and Atkinson, Mark and Regev, Aviv and Rood, Jennifer and Rosen, Orit and Gaffney, Leslie and Hupalowska, Anna and Satija, Rahul and others},
  journal={arXiv preprint arXiv:1903.07231},
  year={2019}
}

@article{regev2017science,
  title={Science forum: the human cell atlas},
  author={Regev, Aviv and Teichmann, Sarah A and Lander, Eric S and Amit, Ido and Benoist, Christophe and Birney, Ewan and Bodenmiller, Bernd and Campbell, Peter and Carninci, Piero and Clatworthy, Menna and others},
  journal={Elife},
  volume={6},
  pages={e27041},
  year={2017},
  publisher={eLife Sciences Publications Limited}
}

@article{barkas2018wiring,
  title={Wiring together large single-cell RNA-seq sample collections},
  author={Barkas, Nikolas and Petukhov, Viktor and Nikolaeva, Daria and Lozinsky, Yaroslav and Demharter, Samuel and Khodosevich, Konstantin and Kharchenko, Peter V},
  journal={bioRxiv},
  pages={460246},
  year={2018},
  publisher={Cold Spring Harbor Laboratory}
}

@article{kerpedjiev2018higlass,
  title={HiGlass: web-based visual exploration and analysis of genome interaction maps},
  author={Kerpedjiev, Peter and Abdennur, Nezar and Lekschas, Fritz and McCallum, Chuck and Dinkla, Kasper and Strobelt, Hendrik and Luber, Jacob M and Ouellette, Scott B and Azhir, Alaleh and Kumar, Nikhil and others},
  journal={Genome biology},
  volume={19},
  number={1},
  pages={125},
  year={2018},
  publisher={BioMed Central}
}

@article{lake2018integrative,
  title={Integrative single-cell analysis of transcriptional and epigenetic states in the human adult brain},
  author={Lake, Blue B and Chen, Song and Sos, Brandon C and Fan, Jean and Kaeser, Gwendolyn E and Yung, Yun C and Duong, Thu E and Gao, Derek and Chun, Jerold and Kharchenko, Peter V and others},
  journal={Nature biotechnology},
  volume={36},
  number={1},
  pages={70},
  year={2018},
  publisher={Nature Publishing Group}
}

@article{becht2019dimensionality,
  title={Dimensionality reduction for visualizing single-cell data using UMAP},
  author={Becht, Etienne and McInnes, Leland and Healy, John and Dutertre, Charles-Antoine and Kwok, Immanuel WH and Ng, Lai Guan and Ginhoux, Florent and Newell, Evan W},
  journal={Nature biotechnology},
  volume={37},
  number={1},
  pages={38},
  year={2019},
  publisher={Nature Publishing Group}
}

@article{traag2019louvain,
  title={From Louvain to Leiden: guaranteeing well-connected communities},
  author={Traag, Vincent A and Waltman, Ludo and van Eck, Nees Jan},
  journal={Scientific reports},
  volume={9},
  year={2019},
  publisher={Nature Publishing Group}
}




